<?xml version="1.0" encoding="UTF-8"?><collection xmlns="http://www.loc.gov/MARC21/slim"><record><leader>00406nam--2200145-i-4500</leader><controlfield tag="001">000010220</controlfield><controlfield tag="002">20161230</controlfield><controlfield tag="005">20170127215205</controlfield><controlfield tag="008">060222s1000------------r-----000-0-eng-d</controlfield><datafield ind1=" " ind2=" " tag="100"><subfield code="a">Baker, D</subfield></datafield><datafield ind1=" " ind2=" " tag="245"><subfield code="a">Physical design of electronic systems</subfield></datafield><datafield ind1=" " ind2=" " tag="260"><subfield code="a">Englewood Cliffs</subfield><subfield code="b">Prentice-hall, Inc</subfield><subfield code="c">1970</subfield></datafield><datafield ind1=" " ind2=" " tag="490"><subfield code="a">Physicsl Desigen Of Electronic Systems, IV</subfield></datafield><datafield ind1=" " ind2=" " tag="852"><subfield code="a">37136</subfield></datafield><datafield ind1=" " ind2=" " tag="CAT"><subfield code="a">SYS</subfield><subfield code="c">20170127</subfield><subfield code="h">215205</subfield></datafield></record></collection>